@misc{1512.03385,
Author = {Kaiming He and Xiangyu Zhang and Shaoqing Ren and Jian Sun},
Title = {Deep Residual Learning for Image Recognition},
Year = {2015},
Eprint = {arXiv:1512.03385},
}